@article{EU-EV,
author = {Lassalle, Amandine and Pigat, Delia and O'Reilly, Helen and Berggren, Steve and Fridenson-Hayo, Shimrit and Tal, Shahar and Elfström, Sigrid and Råde, Anna and Golan, Ofer and Bölte, Sven and Baron-Cohen, Simon and Lundqvist, Daniel},
year = {2018},
month = {04},
pages = {},
title = {The EU-Emotion Voice Database},
volume = {51},
journal = {Behavior Research Methods},
doi = {10.3758/s13428-018-1048-1}
}
